@article{albert1993bayesian,
  title={Bayesian analysis of binary and polychotomous response data},
  author={Albert, James H and Chib, Siddhartha},
  journal={Journal of the American statistical Association},
  volume={88},
  number={422},
  pages={669--679},
  year={1993},
  publisher={Taylor \& Francis Group}
}

@article{chen2016demand,
  title={Demand Forecast Using Data Analytics for the Preallocation of Ambulances},
  author={Chen, Albert Y and Lu, Tsung-Yu and Ma, Matthew Huei-Ming and Sun, Wei-Zen},
  journal={IEEE journal of biomedical and health informatics},
  volume={20},
  number={4},
  pages={1178--1187},
  year={2016},
  publisher={IEEE}
}

@inproceedings{zhou2015predicting,
  title={Predicting ambulance demand: A spatio-temporal kernel approach},
  author={Zhou, Zhengyi and Matteson, David S},
  booktitle={Proceedings of the 21th ACM SIGKDD international conference on knowledge discovery and data mining},
  pages={2297--2303},
  year={2015},
  organization={ACM}
}